@book{1,
  title={Mastering Python Data Analysis},
  author={Persson, Magnus Vilhelm and Martins, Luiz Felipe},
  year={2016},
  publisher={Packt Publishing Ltd}
}

@book{2,
  title={Bayesian analysis with Python},
  author={Martin, Osvaldo},
  year={2016},
  publisher={Packt Publishing Ltd}
}

@book{3,
  title={A Student's Guide to Bayesian Statistics},
  author={Lambert, Ben},
  year={2018},
  publisher={SAGE Publications Ltd}
}

@misc{4,
  title = {Scikit-Learn Naive Bayes Documentation},
  howpublished = {\url{https://scikit-learn.org/stable/modules/naive_bayes.html}}
}

@article{5,
  title={An introduction to MCMC for machine learning},
  author={Andrieu, Christophe and De Freitas, Nando and Doucet, Arnaud and Jordan, Michael I},
  journal={Machine learning},
  volume={50},
  number={1-2},
  pages={5--43},
  year={2003},
  publisher={Springer}
}